@article{hudson2021generative,
	title={Generative adversarial transformers},
	author={Hudson, Drew A. and Zitnick, C. Lawrence},
	booktitle={arXiv preprint arXiv:2103.01209},
	year={2021}
}


@inproceedings{karras2020analyzing,
	title={Analyzing and improving the image quality of stylegan},
	author={Karras, Tero and Laine, Samuli and Aittala, Miika and Hellsten, Janne and Lehtinen, Jaakko 
	and Aila, Timo},
	booktitle={Proceedings of the {IEEE/CVF} {Conference} on {Computer} {Vision} and {Pattern} 
	{Recognition}},
	pages={8110--8119},
	year={2020}
}

@inproceedings{karras2019style,
	title={A style-based generator architecture for generative adversarial networks},
	author={Karras, Tero and Laine, Samuli and Aila, Timo},
	booktitle={Proceedings of the {IEEE/CVF} {Conference} on {Computer} {Vision} and {Pattern} 
	{Recognition}},
	pages={4401--4410},
	year={2019}
}

@inproceedings{johnson2017clevr,
	title={Clevr: A diagnostic dataset for compositional language and elementary visual reasoning},
	author={Johnson, Justin and Hariharan, Bharath and Van Der Maaten, Laurens and Fei-Fei, Li and 
	Lawrence Zitnick, C and Girshick, Ross},
	booktitle={Proceedings of the IEEE conference on computer vision and pattern recognition},
	pages={2901--2910},
	year={2017}
}

@article{yu2015lsun,
	title={Lsun: Construction of a large-scale image dataset using deep learning with humans in the 
	loop},
	author={Yu, Fisher and Seff, Ari and Zhang, Yinda and Song, Shuran and Funkhouser, Thomas and 
	Xiao, Jianxiong},
	journal={arXiv preprint arXiv:1506.03365},
	year={2015}
}

@inproceedings{cordts2016cityscapes,
	title={The cityscapes dataset for semantic urban scene understanding},
	author={Cordts, Marius and Omran, Mohamed and Ramos, Sebastian and Rehfeld, Timo and 
	Enzweiler, Markus and Benenson, Rodrigo and Franke, Uwe and Roth, Stefan and Schiele, Bernt},
	booktitle={Proceedings of the IEEE conference on computer vision and pattern recognition},
	pages={3213--3223},
	year={2016}
}

@MISC{cartoonset,
	author = {Forrester, Cole and Inbar, Mosseri and Dilip, Krishnan and Aaron, Sarna and Aaron, 
	Maschinot and Bill, Freeman and Shiraz, Fuman
	},
	title = {Cartoon set},
	howpublished={\url{https://google.github.io/cartoonset/}}
}
